<record><leader>00000cas a22000007a 4500</leader><controlfield tag="001">14635175</controlfield><controlfield tag="008">861104d19181932wiudn ne      0    0eng d</controlfield><datafield ind1=" " ind2=" " tag="010"><subfield code="a">sn 86086760 </subfield></datafield><datafield ind1=" " ind2=" " tag="040"><subfield code="a">NPV</subfield><subfield code="b">eng</subfield><subfield code="c">NPV</subfield><subfield code="d">OCLCQ</subfield></datafield><datafield ind1=" " ind2=" " tag="042"><subfield code="a">msc</subfield></datafield><datafield ind1="0" ind2="4" tag="245"><subfield code="a">The Manitowoc herald-news.</subfield></datafield><datafield ind1="1" ind2="3" tag="246"><subfield code="a">Herald</subfield></datafield><datafield ind1=" " ind2=" " tag="260"><subfield code="a">Manitowoc, Wis. :</subfield><subfield code="b">Herald Press Pub. Co.,</subfield><subfield code="c">1918-1932.</subfield></datafield><datafield ind1=" " ind2=" " tag="300"><subfield code="a">v.</subfield></datafield><datafield ind1=" " ind2=" " tag="310"><subfield code="a">Daily except Sunday</subfield></datafield><datafield ind1="0" ind2=" " tag="362"><subfield code="a">Vol. 20, no. 191 (Oct. 1, 1918)-v. 34, no. 165 (Apr. 30, 1932).</subfield></datafield><datafield ind1=" " ind2=" " tag="752"><subfield code="a">United States</subfield><subfield code="b">Wisconsin</subfield><subfield code="c">Manitowoc</subfield><subfield code="d">Manitowoc.</subfield></datafield><datafield ind1="0" ind2="5" tag="780"><subfield code="t">Manitowoc daily news</subfield></datafield><datafield ind1="0" ind2="0" tag="780"><subfield code="t">Manitowoc daily herald</subfield><subfield code="w">(DLC)sn 86086759</subfield></datafield><datafield ind1="0" ind2="7" tag="785"><subfield code="t">Evening times</subfield><subfield code="w">(DLC)sn 86086720</subfield></datafield><datafield ind1="0" ind2="7" tag="785"><subfield code="t">Manitowoc herald-times</subfield><subfield code="w">(DLC)sn 86086761</subfield></datafield></record>